@inproceedings{saini2020classification,
  title={Classification of Plants Using Convolutional Neural Network},
  author={Saini, Gurinder and Khamparia, Aditya and Luhach, Ashish Kumar},
  booktitle={First International Conference on Sustainable Technologies for Computational Intelligence},
  pages={551--561},
  year={2020},
  doi={hnrn},
  organization={Springer}
}