@mastersthesis{preciado2023analisis,
  title={An{\'a}lisis del sitio web de la Universidad T{\'e}cnica de Babahoyo basado en rendimiento y usabilidad.},
  author={Preciado Contreras, Walter Daniel},
  type={{B.S.} thesis},
  year={2023},
  school={Babahoyo: UTB-FAFI. 2023}
}

@inproceedings{garcia2023psicologia,
  title={La psicolog{\'\i}a de los colores en los restaurantes de la ciudad de Tulc{\'a}n y su impacto en la decisi{\'o}n de compra de los consumidore},
  author={Garc{\'\i}a Revelo, Cinthya Daniela and Rosero Curimilma, Jennifer Patricia},
  year={2023},
  organization={UPEC}
}

@phdthesis{penaherrera2023paratextualidad,
  title={La paratextualidad im{\'a}genes y el di{\'a}logo para fomentar el aprendizaje literario.},
  author={Pe{\~n}aherrera Dom{\'\i}nguez, Jimmy Leonardo},
  year={2023}
}

@article{giraldo2023mejoramiento,
  title={Mejoramiento de la productividad en la aerol{\'\i}nea Viva Air mediante la implementaci{\'o}n de un diagrama Gantt en el proceso de planeaci{\'o}n de rutas},
  author={Giraldo Aguilar, Natalia},
  year={2023},
  publisher={Medell{\'\i}n-Colombia}
}

@book{perez2023metodos,
  title={M{\'e}todos de evaluaci{\'o}n de alternativas de proyectos},
  author={P{\'e}rez, Manuel D{\'\i}az and And{\'u}jar, Jos{\'e} Antonio Salinas and Becerra, Alfredo Tol{\'o}n and Ortega, {\'A}ngel Carre{\~n}o},
  volume={136},
  year={2023},
  publisher={Universidad Almer{\'\i}a}
}

@article{ferrer2023aplicabilidad,
  title={Aplicabilidad del modelo de experiencia de usuario para el desarrollo de trabajos de titulaci{\'o}n en Dise{\~n}o.},
  author={Ferrer-Mav{\'a}rez, Mar{\'\i}a de los {\'A}ngeles and Valecillos-Pereira, Janeth Beatriz and M{\'e}ndez-S{\'a}nchez, Ronald Enrique},
  journal={Revista de Ciencias Sociales (13159518)},
  volume={29},
  year={2023}
}

@article{ciafardo2020breviario,
  title={Breviario de las Leyes de la Gestalt},
  author={Ciafardo, Mariel and De Santo, Edgar Marcelo},
  year={2020},
  publisher={Papel Cosido}
}

@article{lizarraga2014blended,
  title={Blended-Learning afectivo y las herramientas interactivas de la web 3.0: Una revisi{\'o}n sistem{\'a}tica de la literatura},
  author={Liz{\'a}rraga, Rogelio Estrada},
  journal={Etic@ net. Revista cient{\'\i}fica electr{\'o}nica de Educaci{\'o}n y Comunicaci{\'o}n en la Sociedad del Conocimiento},
  volume={14},
  number={1},
  pages={1--21},
  year={2014}
}

@article{cordova2017turismo,
  title={Turismo, web 2.0 y comunicaci{\'o}n Interactiva en am{\'e}rica latina. Buenas pr{\'a}cticas y tendencias},
  author={C{\'o}rdova-Mor{\'a}n, Jorge and Freixa Font, Pere},
  journal={International Journal of Information Systems and Tourism (IJIST). 2017; 2 (1): 17-34.},
  year={2017},
  publisher={United Academic Journals (UA Journals)}
}

@article{santos2023interactividad,
  title={Interactividad, buscabilidad y visibilidad web en periodismo digital galardonado},
  author={Santos-Hermosa, Gema and Lopezosa, Carlos and Codina, Llu{\'\i}s},
  journal={Cuadernos. info},
  number={54},
  pages={269--292},
  year={2023},
  publisher={SciELO Chile}
}





